<record><leader>00000cas a22000007a 4500</leader><controlfield tag="001">17255368</controlfield><controlfield tag="008">871218d19uu1996inuwr ne      0   a0eng d</controlfield><datafield ind1=" " ind2=" " tag="010"><subfield code="a">sn 87056749 </subfield></datafield><datafield ind1=" " ind2=" " tag="040"><subfield code="a">NPI</subfield><subfield code="b">eng</subfield><subfield code="c">NPI</subfield><subfield code="d">NSD</subfield><subfield code="d">NPI</subfield><subfield code="d">OCLCQ</subfield></datafield><datafield ind1=" " ind2=" " tag="012"><subfield code="m">1</subfield></datafield><datafield ind1="1" ind2=" " tag="022"><subfield code="a">1044-2839</subfield><subfield code="l">1044-2839</subfield><subfield code="2">1</subfield></datafield><datafield ind1=" " ind2=" " tag="032"><subfield code="a">003762</subfield><subfield code="b">USPS</subfield></datafield><datafield ind1=" " ind2=" " tag="042"><subfield code="a">msc</subfield><subfield code="a">nsdp</subfield></datafield><datafield ind1=" " ind2="0" tag="222"><subfield code="a">Lake Station herald</subfield></datafield><datafield ind1="0" ind2="0" tag="245"><subfield code="a">Lake Station herald.</subfield></datafield><datafield ind1=" " ind2=" " tag="260"><subfield code="a">Hobart, IN :</subfield><subfield code="b">Joel Remaley</subfield></datafield><datafield ind1=" " ind2=" " tag="300"><subfield code="a">v.</subfield></datafield><datafield ind1=" " ind2=" " tag="310"><subfield code="a">Weekly</subfield></datafield><datafield ind1="1" ind2=" " tag="362"><subfield code="a">Ceased July 1996.</subfield></datafield><datafield ind1=" " ind2=" " tag="500"><subfield code="a">Publisher's statement: Merrillville, IN.</subfield></datafield><datafield ind1=" " ind2=" " tag="500"><subfield code="a">"Democratic."</subfield></datafield><datafield ind1=" " ind2=" " tag="588"><subfield code="a">Description based on: Vol. 42, no. 29 (Dec. 3, 1987).</subfield></datafield><datafield ind1=" " ind2=" " tag="752"><subfield code="a">United States</subfield><subfield code="b">Indiana</subfield><subfield code="c">Lake</subfield><subfield code="d">Lake Station.</subfield></datafield><datafield ind1="0" ind2="0" tag="780"><subfield code="t">Herald (Gary, Ind. : East Gary ed.)</subfield></datafield></record>